<?xml version="1.0" encoding="UTF-8"?><collection xmlns="http://www.loc.gov/MARC21/slim"><record><leader>00567nam--2200145-i-4500</leader><controlfield tag="001">000017338</controlfield><controlfield tag="002">20161230</controlfield><controlfield tag="005">20161230201032</controlfield><controlfield tag="008">060222s1000------------r-----000-0-eng-d</controlfield><datafield ind1=" " ind2=" " tag="080"><subfield code="a">621.039.53(043)</subfield></datafield><datafield ind1=" " ind2=" " tag="100"><subfield code="a">Radu, Vasile S</subfield></datafield><datafield ind1=" " ind2=" " tag="245"><subfield code="a">Contributii privind aplicarea termodinamicii proceselor ireversibile la procesele termomecanice in materiale nucleare de structura cu variabile interne de stare. teza</subfield></datafield><datafield ind1=" " ind2=" " tag="260"><subfield code="a">Bucuresti, Institutul De Fizica Atomica, 1998. 236 P</subfield></datafield><datafield ind1=" " ind2=" " tag="653"><subfield code="a">Thermodynamics, Irreversible, Nuclear Materials, Thermomechanics</subfield></datafield><datafield ind1=" " ind2=" " tag="852"><subfield code="a">80864</subfield></datafield></record></collection>